@book
{
    MHJ,
    AUTHOR = {Jensen, M. H.},
     TITLE = {Computational Physics â€“ Lecture Notes Fall 2015},
 PUBLISHER = {Department of Physics, University of Oslo},
      YEAR = {2015},
      URL = {https://github.com/CompPhysics/ComputationalPhysics/blob/master/doc/Lectures/lectures2015.pdf}
}
